<?xml version="1.0" encoding="UTF-8"?><collection xmlns="http://www.loc.gov/MARC21/slim"><record><leader>00561nam--2200181-i-4500</leader><controlfield tag="001">000039625</controlfield><controlfield tag="002">20161230</controlfield><controlfield tag="005">20161230201042</controlfield><controlfield tag="008">060222s1000------------r-----000-0-ger-d</controlfield><datafield ind1=" " ind2=" " tag="040"><subfield code="a">IFIN-HH</subfield></datafield><datafield ind1=" " ind2=" " tag="041"><subfield code="a">ger</subfield></datafield><datafield ind1=" " ind2=" " tag="080"><subfield code="a">621.385.833:537.533.35(043)</subfield></datafield><datafield ind1="1" ind2=" " tag="100"><subfield code="a">Rosin, Thomas</subfield></datafield><datafield ind1="1" ind2="0" tag="245"><subfield code="a">Stroboskopische elektronenmikroskopie an hochfrequenten magnetisierungsvorgangen in permalloy-schichten</subfield><subfield code="b">Dissertation</subfield><subfield code="c">Thomas rosin</subfield></datafield><datafield ind1=" " ind2=" " tag="260"><subfield code="a">Berlin</subfield><subfield code="b">Technischen Universitat</subfield><subfield code="c">1982</subfield></datafield><datafield ind1=" " ind2=" " tag="300"><subfield code="a">94P</subfield></datafield><datafield ind1=" " ind2=" " tag="852"><subfield code="a">49933</subfield><subfield code="c">537.533.35</subfield></datafield><datafield ind1=" " ind2=" " tag="CAT"><subfield code="a">Sys</subfield><subfield code="c">20110913</subfield><subfield code="h">151553</subfield></datafield></record></collection>